
@article{postmes_single-item_2013,
	title = {A single-item measure of social identification: {Reliability}, validity, and utility},
	volume = {52},
	issn = {01446665},
	shorttitle = {A single-item measure of social identification},
	url = {http://doi.wiley.com/10.1111/bjso.12006},
	doi = {10.1111/bjso.12006},
	language = {en},
	number = {4},
	urldate = {2020-04-24},
	journal = {British Journal of Social Psychology},
	author = {Postmes, Tom and Haslam, S. Alexander and Jans, Lise},
	month = dec,
	year = {2013},
	pages = {597--617}
}

@article{roccas_social_2002,
	title = {Social identity complexity},
	volume = {6},
	issn = {1088-8683, 1532-7957},
	url = {http://journals.sagepub.com/doi/10.1207/S15327957PSPR0602_01},
	doi = {10.1207/S15327957PSPR0602_01},
	language = {en},
	number = {2},
	urldate = {2020-04-24},
	journal = {Personality and Social Psychology Review},
	author = {Roccas, Sonia and Brewer, Marilynn B.},
	month = may,
	year = {2002},
	pages = {88--106}
}

@article{schmid_antecedents_2009,
	title = {Antecedents and consequences of social identity complexity: intergroup contact, distinctiveness threat, and outgroup attitudes},
	volume = {35},
	issn = {0146-1672, 1552-7433},
	shorttitle = {Antecedents and consequences of social identity complexity},
	url = {http://journals.sagepub.com/doi/10.1177/0146167209337037},
	doi = {10.1177/0146167209337037},
	language = {en},
	number = {8},
	urldate = {2020-04-24},
	journal = {Personality and Social Psychology Bulletin},
	author = {Schmid, Katharina and Hewstone, Miles and Tausch, Nicole and Cairns, Ed and Hughes, Joanne},
	month = aug,
	year = {2009},
	pages = {1085--1098}
}

@article{lickel_varieties_2000,
	title = {Varieties of groups and the perception of group entitativity.},
	volume = {78},
	issn = {1939-1315, 0022-3514},
	url = {http://doi.apa.org/getdoi.cfm?doi=10.1037/0022-3514.78.2.223},
	doi = {10.1037/0022-3514.78.2.223},
	language = {en},
	number = {2},
	urldate = {2020-04-24},
	journal = {Journal of Personality and Social Psychology},
	author = {Lickel, Brian and Hamilton, David L. and Wieczorkowska, Grazyna and Lewis, Amy and Sherman, Steven J. and Uhles, A. Neville},
	year = {2000},
	pages = {223--246}
}

@article{cotterill_ideological_2014,
	title = {Ideological support for the indian caste system: social dominance orientation, right-wing authoritarianism and karma},
	volume = {2},
	issn = {2195-3325},
	shorttitle = {Ideological support for the indian caste system},
	url = {http://jspp.psychopen.eu/article/view/171},
	doi = {10.5964/jspp.v2i1.171},
	number = {1},
	urldate = {2020-04-24},
	journal = {Journal of Social and Political Psychology},
	author = {Cotterill, Sarah and Sidanius, James and Bhardwaj, Arjun and Kumar, Vivek},
	month = jun,
	year = {2014},
	pages = {98--116}
}

@article{ma_chicago_2015,
	title = {The {Chicago} face database: {A} free stimulus set of faces and norming data},
	volume = {47},
	issn = {1554-3528},
	shorttitle = {The {Chicago} face database},
	url = {http://link.springer.com/10.3758/s13428-014-0532-5},
	doi = {10.3758/s13428-014-0532-5},
	language = {en},
	number = {4},
	urldate = {2020-04-24},
	journal = {Behavior Research Methods},
	author = {Ma, Debbie S. and Correll, Joshua and Wittenbrink, Bernd},
	month = dec,
	year = {2015},
	pages = {1122--1135}
}

@article{van_dommelen_construing_2015,
	title = {Construing multiple ingroups: {Assessing} social identity inclusiveness and structure in ethnic and religious minority group members},
	volume = {45},
	issn = {00462772},
	shorttitle = {Construing multiple ingroups},
	url = {http://doi.wiley.com/10.1002/ejsp.2095},
	doi = {10.1002/ejsp.2095},
	language = {en},
	number = {3},
	urldate = {2020-04-24},
	journal = {European Journal of Social Psychology},
	author = {van Dommelen, Andrea and Schmid, Katharina and Hewstone, Miles and Gonsalkorale, Karen and Brewer, Marilynn},
	month = apr,
	year = {2015},
	pages = {386--399}
}