% Encoding: UTF-8

@incollection{authors_theories_inpress,
  author = {Authors},
  year = {in press},
  title = {Self-categorization and social identification: Making sense of us and them.},
  editor = {Chadee, Derek},
  booktitle = {Theories in social psychology},
  edition = {2},
  address = {Chichester, UK},
  publisher = {Wiley-Blackwell}
}

@article{dommelen_construing_2015,
	author = {{van Dommelen}, Andrea and Schmid, Katharina and Hewstone, Miles and Gonsalkorale, Karen and Brewer, Marilynn},
	year = {2015},
	title = {Construing multiple ingroups: Assessing social identity inclusiveness and structure in ethnic and religious minority group members},
	journal = {European Journal of Social Psychology},
	volume = {45},
	pages = {386--399},
	doi = {10.1002/ejsp.2095}
}

@article{devos_american_2005,
	author = {Devos, Thierry and Banaji, Mahzarin R},
	year = {2005},
	title = {American = {White}?},
	journal = {Journal of Personality and Social Psychology},
	volume = {88},
	pages = {447--466},
	doi = {10.1037/0022-3514.88.3.447}
}

@article{roccas_social_2002,
	author = {Roccas, Sonia and Brewer, Marilynn B},
	year = {2002},
	title = {Social identity complexity},
	journal = {Personality and Social Psychology Review},
	volume = {6},
	pages = {88--106},
	doi = {10.1207/S15327957PSPR0602{\_}01}
}

@article{ma_chicago_2015,
  title = {The {Chicago} face database: A free stimulus set of faces and norming data},
  author = {Ma, Debbie S and Correll, Joshua and Wittenbrink, Bernd},
  journal = {Behavior Research Methods},
  volume = {47},
  pages = {1122--1135},
  year = {2015},
	doi = {10.3758/s13428-014-0532-5}
}

@Misc{rstan_package,
	title = {{RStan}: The {R} interface to {Stan}},
	author = {{Stan Development Team}},
	note = {R package version 2.17.3},
	year = {2018},
	url = {http://mc-stan.org/},
}

@article{postmes_single_2013,
  title = {A single-item measure of social identification: Reliability, validity, and utility},
  author = {Postmes, Tom and Haslam, S Alexander and Jans, Lise},
  journal = {British Journal of Social Psychology},
  volume = {52},
  pages = {597--617},
  year = {2013},
  doi = {10.1111/bjso.12006}
}

@article{lickel_varieties_2000,
  title = {Varieties of groups and the perception of group entitativity},
  author = {Lickel, Brian and Hamilton, David L and Wieczorkowska, Grazyna and Lewis, Amy and Sherman, Steven J and Uhles, A Neville},
  journal = {Journal of Personality and Social Psychology},
  volume = {78},
  pages = {223--246},
  year = {2000},
	doi = {10.1037/0022-3514.78.2.223}
}

@article{schmid_antecedents_2009,
  title = {Antecedents and consequences of social identity complexity: Intergroup contact, distinctiveness threat, and outgroup attitudes},
  author = {Schmid, Katharina and Hewstone, Miles and Tausch, Nicole and Cairns, Ed and Hughes, Joanne},
  journal = {Personality and Social Psychology Bulletin},
  volume = {35},
  pages = {1085--1098},
  year = {2009},
	doi = {10.1177/0146167209337037}
}

@article{cotterill_ideological_2014,
  author = {Sarah Cotterill and James Sidanius and Arjun Bhardwajb and Vivek Kumarc},
	year = {2014},
	title = {Ideological Support for the {Indian} Caste System: Social Dominance Orientation, Right-Wing Authoritarianism and Karma},
  journal = {Journal of Social and Political Psychology},
	volume = {1},
	pages = {98--116},
	doi = {10.5964/jspp.v2i1.171}
}


